@misc{oficial-repo,
    title = "{Repositório oficial desta solução para o Fuzzy Truck.}",
    note = "\url{https://github.com/jptiz/fuzzytruck}",
}
